<record><leader>00000cas a2200000 a 4500</leader><controlfield tag="001">11738692</controlfield><controlfield tag="008">850226d17661773nyuwr ne      0    0eng  </controlfield><datafield ind1=" " ind2=" " tag="010"><subfield code="a">sn 85054094 </subfield></datafield><datafield ind1=" " ind2=" " tag="040"><subfield code="a">NYG</subfield><subfield code="b">eng</subfield><subfield code="c">NYG</subfield><subfield code="d">NPX</subfield><subfield code="d">DEX</subfield><subfield code="d">MFN</subfield><subfield code="d">NYS</subfield><subfield code="d">CNK</subfield><subfield code="d">NVF</subfield><subfield code="d">DLC</subfield><subfield code="d">OCL</subfield><subfield code="d">HLS</subfield><subfield code="d">NYS</subfield><subfield code="d">DLC</subfield><subfield code="d">NYS</subfield><subfield code="d">INU</subfield><subfield code="d">CGU</subfield><subfield code="d">OCLCQ</subfield><subfield code="d">OCLCF</subfield><subfield code="d">OCLCO</subfield></datafield><datafield ind1="1" ind2=" " tag="029"><subfield code="a">AU@</subfield><subfield code="b">000020126491</subfield></datafield><datafield ind1=" " ind2=" " tag="042"><subfield code="a">pcc</subfield></datafield><datafield ind1=" " ind2=" " tag="043"><subfield code="a">n-us-ny</subfield></datafield><datafield ind1="0" ind2="0" tag="050"><subfield code="a">Newspaper</subfield></datafield><datafield ind1="0" ind2=" " tag="130"><subfield code="a">New-York gazette, or, The weekly post-boy (New York, N.Y. : 1766)</subfield></datafield><datafield ind1="1" ind2="4" tag="245"><subfield code="a">The New-York gazette, or, The weekly post-boy.</subfield></datafield><datafield ind1="3" ind2="0" tag="246"><subfield code="a">Weekly post-boy</subfield></datafield><datafield ind1=" " ind2=" " tag="260"><subfield code="a">New-York [N.Y.] :</subfield><subfield code="b">Printed by James Parker,</subfield><subfield code="c">1766-1773.</subfield></datafield><datafield ind1=" " ind2=" " tag="300"><subfield code="a">v.</subfield></datafield><datafield ind1=" " ind2=" " tag="310"><subfield code="a">Weekly</subfield></datafield><datafield ind1="0" ind2=" " tag="362"><subfield code="a">No. 1241 (Oct. 16, 1766)-</subfield></datafield><datafield ind1="1" ind2=" " tag="362"><subfield code="a">Ceased in 1773.</subfield></datafield><datafield ind1=" " ind2=" " tag="580"><subfield code="a">Continues in part the title and numbering of a newspaper published May 6, 1762-Oct. 9, 1766 by John Holt. With Oct. 16, 1766, John Holt issues a separate publicaton, with the same numbering, under the title: The New-York journal, or, General advertiser.</subfield></datafield><datafield ind1=" " ind2="0" tag="651"><subfield code="a">New York (N.Y.)</subfield><subfield code="v">Newspapers.</subfield></datafield><datafield ind1=" " ind2="0" tag="651"><subfield code="a">New York County (N.Y.)</subfield><subfield code="v">Newspapers.</subfield></datafield><datafield ind1=" " ind2="7" tag="655"><subfield code="a">Newspapers.</subfield><subfield code="2">fast</subfield><subfield code="0">(OCoLC)fst01423814</subfield></datafield><datafield ind1=" " ind2="7" tag="651"><subfield code="a">New York (State)</subfield><subfield code="z">New York.</subfield><subfield code="2">fast</subfield><subfield code="0">(OCoLC)fst01204333</subfield></datafield><datafield ind1=" " ind2="7" tag="651"><subfield code="a">New York (State)</subfield><subfield code="z">New York County.</subfield><subfield code="2">fast</subfield><subfield code="0">(OCoLC)fst01234953</subfield></datafield><datafield ind1=" " ind2=" " tag="752"><subfield code="a">United States</subfield><subfield code="b">New York</subfield><subfield code="c">New York</subfield><subfield code="d">New York.</subfield></datafield><datafield ind1="0" ind2="1" tag="780"><subfield code="t">New York gazette, or, The weekly post-boy (New York, N.Y. : 1762)</subfield><subfield code="w">(DLC)sn 85025699</subfield><subfield code="w">(OCoLC)11880464</subfield></datafield><datafield ind1="0" ind2=" " tag="787"><subfield code="t">New York journal, or, General advertiser</subfield><subfield code="g">Oct. 16, 1766-</subfield><subfield code="w">(DLC)sn 84024352</subfield><subfield code="w">(OCoLC)11238404</subfield></datafield></record>